@book{arquiteturaDeComputadores,
    author = {William stallings},
    title = {Arquitetura e Organização de Computadores},
    publisher = {Pearson Education do Brasil},
    address = {Rua Nelson Francisco, 26, Limão
CEP: 02712-100, São Paulo — SP},
    year = {2010}
}

@article{notasprofessor,
  title={CZ1101, Lecture Notes},
  author={Wang Jian-Sheng},
  journal={https://phyweb.physics.nus.edu.sg/\textasciitilde{}phywjs/CZ101/notes/cz101notes.html},
  volume={1},
  number={8},
  year={1997},
}